%  $Description: Dissertaion Report$
%  $Author: Mayur Kubavat $
%  $Date: 2015/5/8$

@ARTICLE{svuvm,
  AUTHOR = {Bromley, Jonathan},
  TITLE = {``If SystemVerilog is so good, why we need the UVM? Sharing responsibilities between libraries and the core language"},
  JOURNAL = {in Specification \& Design Languages (FDL)},
  YEAR =         {2013},
  month =        {April},
}

@ARTICLE{tbarch,
  AUTHOR =       {Francesconi J.; Agustin Rodriguez J.; Julian P.M.},
  TITLE =        {``UVM Based Testbench Architecture for Unit Verification"},
  JOURNAL =      {Argentine Conference on Micro-Nanoelectronics, Technology and Applications (EAMTA)},
  YEAR =         {2014},
  month =        {July},
}

@ARTICLE{uvmparam,
  AUTHOR =       {Geng Zhong; Jian Zhou ; Bei Xia},
  TITLE =        {``Parameter and UVM, Making a Layered Testbench Powerful"},
  JOURNAL =      {IEEE 10th International Conference on ASIC (ASICON)},
  YEAR =         {2013},
  month =        {December},
}

@ARTICLE{tosha3,
  AUTHOR =       {Sklavos, N.},
  TITLE =        {``Towards to SHA-3 Hashing Standard for Secure Communications: On the Hardware Evaluation Development"},
  JOURNAL =      {in Latin America Transactions, IEEE},
  YEAR =         {2012},
  month =        {May},
}

@ARTICLE{insha3,
  AUTHOR =       {Stallings, W.},
  TITLE =        {``Inside SHA-3"},
  JOURNAL =      {in Potentials, IEEE},
  YEAR =         {2013},
  month =        {June},
}

@ARTICLE{fpgades,
  AUTHOR =       {Provelengios G.; Kitsos P.; Sklavos N.; Koulamas C.},
  TITLE =        {``FPGA-Based Design Approaches of Keccak Hash Function"},
  JOURNAL =      {15th Euromicro Conference on Digital System Design (DSD)},
  YEAR =         {2012},
  month =        {August},
}

@ARTICLE{hight,
  AUTHOR =       {Athanasiou G.S.; Makkas G.-P.; Theodoridis G.},
  TITLE =        {``High Throughput Pipelined FPGA implementation of the new SHA-3 Cryptographic Hash Algorithm"},
  JOURNAL =      {in 6th IEEE International Symposium on Communications, Control and Signal Processing (ISCCSP)},
  YEAR =         {2014},
  month =        {October},
}

@ARTICLE{ieee1588,
  AUTHOR =       {Moreira N.; Astarloa A.; Kretzschmar U.; Lazaro, J.; Molina E.},
  TITLE =        {``Securing IEEE 1588 Messages with Message Authentication Codes based on the KECCAK Cryptographic Algorithm Implemented in FPGAs"},
  JOURNAL =      {IEEE 23rd International Symposium on Industrial Electronics (ISIE)},
  YEAR =         {2014},
  month =        {July},
}

@ARTICLE{effv5,
  AUTHOR =       {Rao M.; Newe T.; Grout I.},
  TITLE =        {``Efficient High Speed Implementation of Secure Hash Algorithm-3 on Virtex-5 FPGA"},
  JOURNAL =      {IEEE 23rd International Symposium on Industrial Electronics (ISIE)},
  YEAR =         {2014},
  month =        {August},
}

@ARTICLE{comimp,
  AUTHOR =       {Arshad A.; Kundi D.-e.-S. ; Aziz A.},
  TITLE =        {``Compact Implementation of SHA3-512 on FPGA"},
  JOURNAL =      {Conference on Information Assurance and Cyber Security (CIACS)},
  YEAR =         {2014},
  month =        {January},
}

@ARTICLE{shs,
  AUTHOR =       {NIST Computer Security Division (CSD)},
  TITLE =        {``Secure Hash Standard (SHS)"},
  JOURNAL =      {In FIPS PUB 180-4, NIST. Available online at },
  YEAR =         {2014},
  month =        {October},
}

@ARTICLE{fips202,
  AUTHOR =       {NIST Computer Security Division (CSD)},
  TITLE =        {``SHA-3 Standard: Permutation-Based Hash and Extendable-Output Functions"},
  JOURNAL =      {Available online at },
  YEAR =         {2014},
  month =        {October},
}

@ARTICLE{sha3ref,
  AUTHOR =       {Guido Bertoni, Joan Daemen, MichaÃ«l Peeters and Gilles Van Assche},
  TITLE =        {``The Keccak reference"},
  JOURNAL =      {Available online at },
  YEAR =         {2014},
  month =        {October},
}

@ARTICLE{opencores,
  AUTHOR =       {Homer Hsing},
  TITLE =        {``SHA-3 Core Specification"},
  JOURNAL =      {Available online at },
  YEAR =         {2013},
  month =        {January},
}
